<?xml version="1.0" encoding="UTF-8"?>
<Document xmlns="urn:iso:std:iso:20022:tech:xsd:camt.052.001.02" xmlns:xsi="http://www.w3.org/2001/XMLSchema-instance" xsi:schemaLocation="urn:iso:std:iso:20022:tech:xsd:camt.052.001.02 C:\DOCUME~1\Schema\camt.052.001.02.xsd"> 
	<BkToCstmrAcctRpt>
		<GrpHdr>
			<MsgId>CAMT0800152013102400001</MsgId>
			<CreDtTm>2013-10-24T08:27:37</CreDtTm>
		</GrpHdr>
		<Rpt>
			<Id>2013102400001</Id>
			<ElctrncSeqNb>201302051</ElctrncSeqNb>
			<CreDtTm>2013-10-24T08:27:37</CreDtTm>
			<Acct>
				<Id>
					<Othr>
						<Id>123456789</Id>
						<SchmeNm>
							<Cd>BBAN</Cd>
						</SchmeNm>
					</Othr>
				</Id>
				<Ccy>SEK</Ccy>
				<Ownr>
					<Id>
						<OrgId>
							<Othr>
								<Id>5566778899</Id>
								<SchmeNm>
									<Cd>BANK</Cd>
								</SchmeNm>
							</Othr>
						</OrgId>
					</Id>
				</Ownr>
				<Svcr>
					<FinInstnId>
						<BIC>HANDSESS</BIC>
					</FinInstnId>
				</Svcr>
			</Acct>
			<TxsSummry>
				<TtlCdtNtries>
					<NbOfNtries>2</NbOfNtries>
					<Sum>415710</Sum>
				</TtlCdtNtries>
				<TtlDbtNtries>
					<NbOfNtries>2</NbOfNtries>
					<Sum>5567.83</Sum>
				</TtlDbtNtries>
			</TxsSummry>
			<Ntry>
				<NtryRef>201310240000100001</NtryRef>
				<Amt Ccy="SEK">65710</Amt>
				<CdtDbtInd>CRDT</CdtDbtInd>
				<Sts>BOOK</Sts>
				<BookgDt>
					<Dt>2013-10-24</Dt>
				</BookgDt>
				<ValDt>
					<Dt>2013-10-24</Dt>
				</ValDt>
				<BkTxCd>
					<Domn>
						<Cd>PMNT</Cd>
						<Fmly>
							<Cd>RCDT</Cd>
							<SubFmlyCd>XBCT</SubFmlyCd>
						</Fmly>
					</Domn>
				</BkTxCd>
				<NtryDtls>
					<TxDtls>
						<Refs>
							<Prtry>
								<Tp>OTHR</Tp>
								<Ref>60010 ABOL</Ref>
							</Prtry>
						</Refs>
					</TxDtls>
				</NtryDtls>
				<AddtlNtryInf>293332166421</AddtlNtryInf>
			</Ntry>
			<Ntry>
				<NtryRef>201310240000100002</NtryRef>
				<Amt Ccy="SEK">350000</Amt>
				<CdtDbtInd>CRDT</CdtDbtInd>
				<Sts>BOOK</Sts>
				<BookgDt>
					<Dt>2013-10-24</Dt>
				</BookgDt>
				<ValDt>
					<Dt>2013-10-24</Dt>
				</ValDt>
				<BkTxCd>
					<Domn>
						<Cd>PMNT</Cd>
						<Fmly>
							<Cd>RCDT</Cd>
							<SubFmlyCd>DMCT</SubFmlyCd>
						</Fmly>
					</Domn>
				</BkTxCd>
				<NtryDtls>
					<TxDtls>
						<Refs>
							<Prtry>
								<Tp>OTHR</Tp>
								<Ref>6091 BGINB</Ref>
							</Prtry>
						</Refs>
					</TxDtls>
				</NtryDtls>
				<AddtlNtryInf>777 8888 00123</AddtlNtryInf>
			</Ntry>
			<Ntry>
				<NtryRef>20131024000010003</NtryRef>
				<Amt Ccy="SEK">4837.61</Amt>
				<CdtDbtInd>DBIT</CdtDbtInd>
				<Sts>BOOK</Sts>
				<BookgDt>
					<Dt>2013-10-24</Dt>
				</BookgDt>
				<ValDt>
					<Dt>2013-10-24</Dt>
				</ValDt>
				<BkTxCd>
					<Domn>
						<Cd>PMNT</Cd>
						<Fmly>
							<Cd>MDOP</Cd>
							<SubFmlyCd>NTAV</SubFmlyCd>
						</Fmly>
					</Domn>
				</BkTxCd>
				<NtryDtls>
					<TxDtls>
						<Refs>
							<Prtry>
								<Tp>OTHR</Tp>
								<Ref>6001 IT-A06</Ref>
							</Prtry>
						</Refs>
					</TxDtls>
				</NtryDtls>
				<AddtlNtryInf>63121801234567</AddtlNtryInf>
			</Ntry>
			<Ntry>
				<NtryRef>20131024000010004</NtryRef>
				<Amt Ccy="SEK">730.22</Amt>
				<CdtDbtInd>DBIT</CdtDbtInd>
				<Sts>BOOK</Sts>
				<BookgDt>
					<Dt>2013-10-24</Dt>
				</BookgDt>
				<ValDt>
					<Dt>2013-10-24</Dt>
				</ValDt>
				<BkTxCd>
					<Domn>
						<Cd>PMNT</Cd>
						<Fmly>
							<Cd>MDOP</Cd>
							<SubFmlyCd>NTAV</SubFmlyCd>
						</Fmly>
					</Domn>
				</BkTxCd>
				<NtryDtls>
					<TxDtls>
						<Refs>
							<Prtry>
								<Tp>OTHR</Tp>
								<Ref>6001 IT-A06</Ref>
							</Prtry>
						</Refs>
					</TxDtls>
				</NtryDtls>
				<AddtlNtryInf>AB 12345</AddtlNtryInf>
			</Ntry>
		</Rpt>
	</BkToCstmrAcctRpt>
</Document>
